<record><leader>00000cas a22000007a 4500</leader><controlfield tag="001">10405303</controlfield><controlfield tag="008">840211d18851887ohudn ne      0    0eng d</controlfield><datafield ind1=" " ind2=" " tag="010"><subfield code="a">sn 84028051 </subfield></datafield><datafield ind1=" " ind2=" " tag="040"><subfield code="a">NPY</subfield><subfield code="b">eng</subfield><subfield code="c">NPY</subfield><subfield code="d">ONP</subfield><subfield code="d">OCLCQ</subfield></datafield><datafield ind1=" " ind2=" " tag="042"><subfield code="a">msc</subfield></datafield><datafield ind1="0" ind2="0" tag="245"><subfield code="a">Sandusky daily journal.</subfield></datafield><datafield ind1="3" ind2="0" tag="246"><subfield code="a">Sandusky Sunday journal</subfield></datafield><datafield ind1="1" ind2="3" tag="246"><subfield code="a">Daily journal</subfield></datafield><datafield ind1=" " ind2=" " tag="260"><subfield code="a">Sandusky, Ohio :</subfield><subfield code="b">[Layman Bros.],</subfield><subfield code="c">-1887.</subfield></datafield><datafield ind1=" " ind2=" " tag="300"><subfield code="a">v. :</subfield><subfield code="b">ill. (chiefly advertisements) ;</subfield><subfield code="c">50-55 cm.</subfield></datafield><datafield ind1=" " ind2=" " tag="310"><subfield code="a">Daily (except Sun.)</subfield></datafield><datafield ind1="0" ind2=" " tag="362"><subfield code="a">-Mar. 2, 1887.</subfield></datafield><datafield ind1="1" ind2=" " tag="362"><subfield code="a">Began with Mar. 5, 1885 issue.</subfield><subfield code="z">Cf. Gutgesell, S. Guide to Ohio newspapers, 1974.</subfield></datafield><datafield ind1=" " ind2=" " tag="500"><subfield code="a">Publishers: Frank A. &amp; Charles A. Layman, -Feb., 1886; Stible &amp; Breen, Mar. 1-Apr. 17, 1886; Frank Stible, Apr. 19, 1886-Mar. 1887.</subfield></datafield><datafield ind1=" " ind2=" " tag="500"><subfield code="a">"Democratic."</subfield></datafield><datafield ind1=" " ind2=" " tag="500"><subfield code="a">"Official paper of the City," Aug. 27, 1886-1887.</subfield></datafield><datafield ind1=" " ind2=" " tag="500"><subfield code="a">Published on Sunday as: Sandusky Sunday journal.</subfield></datafield><datafield ind1=" " ind2=" " tag="515"><subfield code="a">Changes from v. 3, no. 94 (Apr. 22 1886) to 21 year (Apr. 23, 1886).</subfield></datafield><datafield ind1=" " ind2=" " tag="515"><subfield code="a">Suspended Jan. 31-Feb. 14, 1887.</subfield></datafield><datafield ind1=" " ind2=" " tag="588"><subfield code="a">Description based on: Vol. 3, no. 49 (Mar. 1, 1886).</subfield></datafield><datafield ind1=" " ind2=" " tag="752"><subfield code="a">United States</subfield><subfield code="b">Ohio</subfield><subfield code="c">Erie</subfield><subfield code="d">Sandusky.</subfield></datafield><datafield ind1="0" ind2=" " tag="775"><subfield code="t">Sandusky weekly journal (Sandusky, Ohio : 1885)</subfield><subfield code="w">(DLC)sn 87076728</subfield></datafield><datafield ind1="0" ind2="7" tag="785"><subfield code="t">Daily local</subfield><subfield code="w">(DLC)sn 84028052</subfield></datafield><datafield ind1="0" ind2="7" tag="785"><subfield code="t">Daily journal and local</subfield><subfield code="w">(DLC)sn 84028053</subfield></datafield></record>